@inproceedings{accounting16,
  title={Practical Accounting in Content-Centric Networking},
  author={Ghali, Cesar and Tsudik, Gene and Wood, Christopher A and Yeh, Edmund},
  booktitle={Proceedings of the IEEE/IFIP Network Operations and Management Symposium},
  year={2016},
  organization={IEEE/IFIP}
}

@inproceedings{ac3n16,
  title={AC3N: An API and Service for Anonymous Communication in Content-Centric Networking},
  author={Gene Tsudik, Ersin Uzun, and Christopher A. Wood},
  booktitle={Consumer Communications and Networking Conference (CCNC), 2014 IEEE 11th},
  pages={858--865},
  year={2014},
  organization={IEEE}
}

@inproceedings{sbox15,
    uthor={Wood, Christopher A. and Radziszowski, Stanislaw P. and Lukowiak, Marcin},
    ooktitle={Military Communications Conference, MILCOM 2015 - 2015 IEEE},
    itle={Constructing large S-boxes with area minimized implementations},
    ear={2015},
    ages={49-54},
    eywords={Algorithm design and analysis;Ciphers;Complexity theory;Hardware;Logic gates;Measurement;16-bit S-boxes;S-box combinational circuits;S-box design;composite Galois fields},
    oi={10.1109/MILCOM.2015.7357417},
    onth={Oct},
}

@inproceedings{nnf15,
    author={Marc Mosko and Christopher A. Wood},
    title={Secure Fragmentation for Content Centric Networking},
    booktitle={Proceedings of IEEE MASS 2015 Workshop on Content-Centric Networks},
    year={2015},
    month={October},
}

@inproceedings{ibac15,
  title={Interest-based access control for content centric networks},
  author={Ghali, Cesar and Schlosberg, Marc A and Tsudik, Gene and Wood, Christopher A},
  booktitle={Proceedings of the 2nd International Conference on Information-Centric Networking},
  pages={147--156},
  year={2015},
  organization={ACM}
}

@inproceedings{frag15,
  title={Secure Fragmentation for Content-Centric Networks},
  author={Cesar Ghali, Ashok Narayanan, David Oran, Gene Tsudik and Christopher Wood},
  booktitle={Proceedings of the 14th IEEE International Symposium on Network Computing and Applications, IEEE NCA 2015},
  year={2015},
  organization={IEEE}
}

@inproceedings{ccnac15,
  title={An Encryption-Based Access Control Framework for Content-Centric Networking},
  author={Kurihara, Jun and Wood, C and Uzun, Ersin},
  booktitle={Proceedings of the IEEE/IFIP Networking 2015},
  year={2015},
  organization={IFIP}
}

@inproceedings{mission14,
  title={Mission control: A performance metric and analysis of control logic for pipelined architectures on FPGAs},
  author={Skalicky, Sam and Lopez, Sonia and Lukowiak, Marcin and Wood, Christopher},
  booktitle={ReConFigurable Computing and FPGAs (ReConFig), 2014 International Conference on},
  pages={1--6},
  year={2014},
  organization={IEEE}
}

@inproceedings{etesec14,
  title={Flexible end-to-end content security in ccn},
  author={Wood, Christopher and Uzun, Ersin},
  booktitle={Consumer Communications and Networking Conference (CCNC), 2014 IEEE 11th},
  pages={858--865},
  year={2014},
  organization={IEEE}
}

@inproceedings{hls13,
  title={High level synthesis: Where are we? A case study on matrix multiplication},
  author={Skalicky, Sam and Wood, Christopher and Lukowiak, Marcin and Ryan, Michael},
  booktitle={Reconfigurable Computing and FPGAs (ReConFig), 2013 International Conference on},
  pages={1--7},
  year={2013},
  organization={IEEE}
}

@inproceedings{course12,
  title={Developing an applied, security-oriented computing curriculum},
  author={Lukowiak, Marcin and Meneely, Andrew and Radziszowski, Stanislaw P and Vallino, James R and Wood, Christopher A},
  booktitle={American Society for Engineering Education},
  year={2012},
  organization={American Society for Engineering Education}
}

@inproceedings{chaos11,
  title={Chaos-based Symmetric Key Cryptosystems},
  author={Wood, Christopher},
  booktitle={Security and Management},
  year={2011}
}

@inproceedings{keyloggers10,
  title={Keyloggers in Cybersecurity Education.},
  author={Wood, Christopher and Raj, Rajendra},
  booktitle={Security and Management},
  pages={293--299},
  year={2010}
}

@article{model14,
    author={Peter Bajorski, Alan Kaminsky, Michael Kurdziel, Marcin Lukowiak, StanisÃÂaw Radziszowski and Christopher Wood},
    title={Stochastic Analysis and Modeling of a Tree-Based Group Key Distribution Method in Tactical Wireless Networks},
    journal={Journal of Telecommunications System & Management},
    volume={3},
    number={2},
    publisher={OMICS International.,},
    issn={2167-0919},
    url={http://www.omicsgroup.org/journals/stochastic-analysis-and-modeling-of-a-treebased-group-key-distribution-method-in-tactical-wireless-networks-2167-0919-115.php?aid=33682},
    doi={10.4172/2167-0919.1000115},
    pages={1-9},
    keywords={Key management; Ultra low bit-rate networks; Wireless electronic key exchange},
    year={2014},
}

@article{l21span15,
  title={A complete L (2, 1) span characterization for small trees},
  author={Wood, Christopher A and Jacob, Jobby},
  journal={AKCE International Journal of Graphs and Combinatorics},
  volume={12},
  number={1},
  pages={26--31},
  year={2015},
  publisher={Elsevier}
}

@article{hwsw14,
  title={Cybersecurity education: Bridging the gap between hardware and software domains},
  author={Lukowiak, Marcin and Radziszowski, Stanis{\l}aw and Vallino, James and Wood, Christopher},
  journal={ACM Transactions on Computing Education (TOCE)},
  volume={14},
  number={1},
  pages={2},
  year={2014},
  publisher={ACM}
}

@inproceedings{idf15,
  title={A Network-Agnostic Data Framework and API for CCN},
  author={Scott, Glenn and Wood, Christopher A},
  booktitle={Proceedings of the 2nd International Conference on Information-Centric Networking},
  pages={199--200},
  year={2015},
  organization={ACM}
}

@inproceedings{prs15,
  title={Secure Name Configuration and Prefix Registration},
  author={Mosko, Marc and Scott, Glenn and Solis, Ignacio and Wood, Christopher A},
  booktitle={Proceedings of the 2nd International Conference on Information-Centric Networking},
  pages={197--198},
  year={2015},
  organization={ACM}
}
